@Book{xie2015,
  title = {Dynamic Documents with {R} and knitr},
  author = {Yihui Xie},
  publisher = {Chapman and Hall/CRC},
  address = {Boca Raton, Florida},
  year = {2015},
  edition = {2nd},
  note = {ISBN 978-1498716963},
  url = {http://yihui.name/knitr/},
}

@book{slotine91book-applied,
  title={Applied nonlinear control},
  author={Slotine, Jean-Jacques E and Li, Weiping and others},
  volume={199},
  number={1},
  year={1991},
  publisher={Prentice hall Englewood Cliffs, NJ}
}

@book{bertsekas12book-dpocI,
  title={Dynamic programming and optimal control: Volume I},
  author={Bertsekas, Dimitri},
  volume={1},
  year={2012},
  publisher={Athena scientific}
}

@book{bernard19book-observer,
  title={Observer design for nonlinear systems},
  author={Bernard, Pauline},
  volume={479},
  year={2019},
  publisher={Springer}
}

@article{bernard22arc-observer,
  title={Observer design for continuous-time dynamical systems},
  author={Bernard, Pauline and Andrieu, Vincent and Astolfi, Daniele},
  journal={Annual Reviews in Control},
  year={2022},
  publisher={Elsevier}
}

@inproceedings{karagiannis05cdc-nonlinear,
  title={Nonlinear observer design using invariant manifolds and applications},
  author={Karagiannis, Dimitrios and Astolfi, Alessandro},
  booktitle={Proceedings of the 44th IEEE Conference on Decision and Control},
  pages={7775--7780},
  year={2005},
  organization={IEEE}
}

@article{astolfi03tac-immersion,
  title={Immersion and invariance: A new tool for stabilization and adaptive control of nonlinear systems},
  author={Astolfi, Alessandro and Ortega, Romeo},
  journal={IEEE Transactions on Automatic control},
  volume={48},
  number={4},
  pages={590--606},
  year={2003},
  publisher={IEEE}
}

@article{kalman61-new,
  title={New results in linear filtering and prediction theory},
  author={Kalman, Rudolph E and Bucy, Richard S},
  year={1961}
}

@article{besanccon96ejc-observer,
  title={Observer synthesis for a class of nonlinear control systems},
  author={Besan{\c{c}}on, Gildas and Bornard, Guy and Hammouri, Hassan},
  journal={European Journal of control},
  volume={2},
  number={3},
  pages={176--192},
  year={1996},
  publisher={Elsevier}
}

@inproceedings{hammouri90cdc-observer,
  title={Observer synthesis for state-affine systems},
  author={Hammouri, Hassan and de Leon Morales, Jesus},
  booktitle={29th IEEE Conference on Decision and Control},
  pages={784--785},
  year={1990},
  organization={IEEE}
}

@article{luenberger64-observer,
  title={Observing the state of a linear system},
  author={Luenberger, David G},
  journal={IEEE transactions on military electronics},
  volume={8},
  number={2},
  pages={74--80},
  year={1964},
  publisher={IEEE}
}

@article{kazantzis98scl-kkl,
  title={Nonlinear observer design using Lyapunov's auxiliary theorem},
  author={Kazantzis, Nikolaos and Kravaris, Costas},
  journal={Systems \& Control Letters},
  volume={34},
  number={5},
  pages={241--247},
  year={1998},
  publisher={Elsevier}
}

@inproceedings{miao23ll4dc-earning,
  title={Learning Robust State Observers using Neural ODEs},
  author={Miao, Keyan and Gatsis, Konstantinos},
  booktitle={Learning for Dynamics and Control Conference},
  pages={208--219},
  year={2023},
  organization={PMLR}
}

@inproceedings{niazi23lacc-earning,
  title={Learning-based design of Luenberger observers for autonomous nonlinear systems},
  author={Niazi, Muhammad Umar B and Cao, John and Sun, Xudong and Das, Amritam and Johansson, Karl Henrik},
  booktitle={2023 American Control Conference (ACC)},
  pages={3048--3055},
  year={2023},
  organization={IEEE}
}

@inproceedings{janny21cdc-deepkkl,
  title={Deep kkl: Data-driven output prediction for non-linear systems},
  author={Janny, Steeven and Andrieu, Vincent and Nadri, Madiha and Wolf, Christian},
  booktitle={2021 60th IEEE Conference on Decision and Control (CDC)},
  pages={4376--4381},
  year={2021},
  organization={IEEE}
}

@article{andrieu06sicopt-kkl,
  title={On the existence of a Kazantzis--Kravaris/Luenberger observer},
  author={Andrieu, Vincent and Praly, Laurent},
  journal={SIAM Journal on Control and Optimization},
  volume={45},
  number={2},
  pages={432--456},
  year={2006},
  publisher={SIAM}
}

@inproceedings{ebenbauer05cdc-polynomial,
  title={Polynomial feedback and observer design using nonquadratic Lyapunov functions},
  author={Ebenbauer, Christian and Renz, Jonathan and Allgower, F},
  booktitle={Proceedings of the 44th IEEE Conference on Decision and Control},
  pages={7587--7592},
  year={2005},
  organization={IEEE}
}

@article{vinograd57-inapplicability,
  title={Inapplicability of the method of characteristic exponents to the study of non-linear differential equations},
  author={Vinograd, Robert {\`E}lyukimovich},
  journal={Matematicheskii Sbornik},
  volume={83},
  number={4},
  pages={431--438},
  year={1957},
  publisher={Russian Academy of Sciences, Steklov Mathematical Institute of Russian~â€¦}
}

@book{chen1984book-linear,
  title={Linear system theory and design},
  author={Chen, Chi-Tsong},
  year={1984},
  publisher={Saunders college publishing}
}

@article{zhou1996book-robust,
  title={Robust and optimal control},
  author={Zhou, Kemin and Doyle, JC and Glover, Keither},
  journal={Control Engineering Practice},
  volume={4},
  number={8},
  pages={1189--1190},
  year={1996},
  publisher={Elsevier Science Publishing Company, Inc.}
}

@ARTICLE{davison1968tac-poleassign,
  author={Davison, E. and Wonham, W.},
  journal={IEEE Transactions on Automatic Control}, 
  title={On pole assignment in multivariable linear systems}, 
  year={1968},
  volume={13},
  number={6},
  pages={747-748},
  doi={10.1109/TAC.1968.1099056}}
@article{dawson23tro-safe,
  title={Safe control with learned certificates: A survey of neural lyapunov, barrier, and contraction methods for robotics and control},
  author={Dawson, Charles and Gao, Sicun and Fan, Chuchu},
  journal={IEEE Transactions on Robotics},
  year={2023},
  publisher={IEEE}
}

@book{blekherman12book-semidefinite,
  title={Semidefinite optimization and convex algebraic geometry},
  author={Blekherman, Grigoriy and Parrilo, Pablo A and Thomas, Rekha R},
  year={2012},
  publisher={SIAM}
}

@article{lasserre01siopt-global,
  title={Global optimization with polynomials and the problem of moments},
  author={Lasserre, Jean B},
  journal={SIAM Journal on optimization},
  volume={11},
  number={3},
  pages={796--817},
  year={2001},
  publisher={SIAM}
}

@article{yang22pami-certifiably,
  title={Certifiably optimal outlier-robust geometric perception: Semidefinite relaxations and scalable global optimization},
  author={Yang, Heng and Carlone, Luca},
  journal={IEEE transactions on pattern analysis and machine intelligence},
  volume={45},
  number={3},
  pages={2816--2834},
  year={2022},
  publisher={IEEE}
}

@book{lasserre09book-moments,
  title={Moments, positive polynomials and their applications},
  author={Lasserre, Jean Bernard},
  volume={1},
  year={2009},
  publisher={World Scientific}
}

@article{yang22mp-inexact,
  title={An inexact projected gradient method with rounding and lifting by nonlinear programming for solving rank-one semidefinite relaxation of polynomial optimization},
  author={Yang, Heng and Liang, Ling and Carlone, Luca and Toh, Kim-Chuan},
  journal={Mathematical Programming},
  pages={1--64},
  year={2022},
  publisher={Springer}
}

@book{magron23book-sparse,
  title={Sparse polynomial optimization: theory and practice},
  author={Magron, Victor and Wang, Jie},
  year={2023},
  publisher={World Scientific}
}

@book{nie23book-moment,
  title={Moment and Polynomial Optimization},
  author={Nie, Jiawang},
  year={2023},
  publisher={SIAM}
}

@article{wang22-nonnegative,
  title={Nonnegative polynomials and circuit polynomials},
  author={Wang, Jie},
  journal={SIAM Journal on Applied Algebra and Geometry},
  volume={6},
  number={2},
  pages={111--133},
  year={2022},
  publisher={SIAM}
}

@article{murray21mpc-signomial,
  title={Signomial and polynomial optimization via relative entropy and partial dualization},
  author={Murray, Riley and Chandrasekaran, Venkat and Wierman, Adam},
  journal={Mathematical Programming Computation},
  volume={13},
  pages={257--295},
  year={2021},
  publisher={Springer}
}

@article{arnold84ieee-generalized,
  title={Generalized eigenproblem algorithms and software for algebraic Riccati equations},
  author={Arnold, William F and Laub, Alan J},
  journal={Proceedings of the IEEE},
  volume={72},
  number={12},
  pages={1746--1754},
  year={1984},
  publisher={IEEE}
}

@book{boyd04book-convex,
  title={Convex optimization},
  author={Boyd, Stephen P and Vandenberghe, Lieven},
  year={2004},
  publisher={Cambridge university press}
}

@article{rockafellar70-convexanalysis,
  title={Convex Analysis},
  author={Rockafellar, Ralph Tyrell},
  year={1970},
  publisher={Princeton university press}
}

@book{bertsekas03book-convex,
  title={Convex analysis and optimization},
  author={Bertsekas, Dimitri and Nedic, Angelia and Ozdaglar, Asuman},
  volume={1},
  year={2003},
  publisher={Athena Scientific}
}

@article{tang23arxiv-uncertainty,
  title={Uncertainty Quantification of Set-Membership Estimation in Control and Perception: Revisiting the Minimum Enclosing Ellipsoid},
  author={Tang, Yukai and Lasserre, Jean-Bernard and Yang, Heng},
  journal={arXiv preprint arXiv:2311.15962},
  year={2023}
}